@article{PetrovaSMI,
author={Петрова Е.И},
title={Интернет-сми и социальные сети: этапы конвергенции},
journal={Коммуникативные исследования},
year={2014},
pages={128-133},
volume={2},
}

@BOOK {Lukina,
    author    = "Лукина М.М",
    title     = "Интернет-СМИ: Теория и практика",
    publisher = "Учебное пособие. Издательство: Аспект Пресс",
    year      = "2010",
    edition   = "Первое"
}

@article{Soloviev,
author={Соловьёв А.В},
title={Информационная война: понятие, содержание, проспектива},
journal={Пространство и Время},
year={2010},
pages={75-81},
volume={2},
}


@article{Ivanov,
author={Иванов С.А},
title={Информационная война: сущность и основные формы проявления},
journal={Известия Алтайского государственного университета},
year={2013},
pages={276-279},
volume={2},
volume={4 (80)},
}

@ONLINE {Tomita,
    author = {Яндекс},
    title  = {Каталог технологий/Томита-парсер},
    month  = {январь},
    year   = {2017},
    url    = {\url{https://tech.yandex.ru/tomita/}}
}


@misc{ wiki:Facebook,
   author = "Wikipedia",
   title = "{Facebook} --- {W}ikipedia{,} The Free Encyclopedia",
   year = "2017",
   howpublished = {\url{http://en.wikipedia.org/w/index.php?title=Facebook&oldid=778788260}},
   note = "[Online; accessed 06-May-2017]"
 }

 @misc{wiki:Twitter_Revolution,
 author = {},
 title = {Твиттер-революция — Википедия},
 howpublished = {\url{https://ru.wikipedia.org/wiki/%D0%A2%D0%B2%D0%B8%D1%82%D1%82%D0%B5%D1%80-%D1%80%D0%B5%D0%B2%D0%BE%D0%BB%D1%8E%D1%86%D0%B8%D1%8F}},
 month = {},
 year = {},
 note = {(Accessed on 05/23/2017)}
 }


@article{lyutikova2010k,
    author = "Лютикова, Е.А",
    title = "К вопросу о категориальном статусе именных групп в русском языке",
    journal = "Вестник Московского университета. Серия 9: Филология",
    year = "2010",
    number = "6",
    issn = "0130-0075",
    pages = "36--76",
    publisher = "М.",
    address = "М.",
    language = "russian"
}

@misc{ wiki:Referent,
   author = "Wikipedia",
   title = "{Referent} --- {W}ikipedia{,} The Free Encyclopedia",
   year = "2017",
   howpublished = {\url{http://en.wikipedia.org/w/index.php?title=Referent&oldid=720138697}},
   note = "[Online; accessed 14-May-2017]"
 }

 @article{Артюхин2013базовый,
 author={Артюхин, В.В},
 title={Базовый анализ социальных графов в социальных сервисах.},
 journal={Образовательные технологии и общество},
 year={2013},
 pages={562-580},
 volume={16},
 volume={2},
 }

 @article{Roth,
  author = {Roth, Maayan and Ben-David, Assaf and Deutscher, David and Flysher, Guy and Horn, Ilan and Leichtberg, Ari and Leiser, Naty and Matias, Yossi and Merom, Ron},
  booktitle = {KDD},
  isbn = {978-1-4503-0055-1},
  keywords = {dblp},
  pages = {233-242},
  publisher = {ACM},
  timestamp = {2013-12-12T11:38:05.000+0100},
  title = {Suggesting friends using the implicit social graph.},
  url = {\url{http://dblp.uni-trier.de/db/conf/kdd/kdd2010.html#RothBDFHLLMM10}},
  year = 2010
}

@misc{VzglyadPutin,
author = {},
title = {ВЗГЛЯД / Путин призвал аккуратно бороться с экстремизмом в соцсетях},
howpublished = {\url{https://vz.ru/news/2016/12/8/848326.html}},
month = {},
year = {},
note = {(Accessed on 05/17/2017)}
}

@misc{GlossaryVlyanie,
author = {},
title = {Глоссарий.ru: Влияние},
howpublished = {\url{http://glossary.ru/cgi-bin/gl_sch2.cgi?RCro9tol}},
month = {},
year = {},
note = {(Accessed on 05/17/2017)}
}

@inproceedings{Myers,
 author = {Myers, Seth A. and Zhu, Chenguang and Leskovec, Jure},
 title = {Information Diffusion and External Influence in Networks},
 booktitle = {Proceedings of the 18th ACM SIGKDD International Conference on Knowledge Discovery and Data Mining},
 series = {KDD '12},
 year = {2012},
 isbn = {978-1-4503-1462-6},
 location = {Beijing, China},
 pages = {33--41},
 numpages = {9},
 url = {http://doi.acm.org/10.1145/2339530.2339540},
 doi = {10.1145/2339530.2339540},
 acmid = {2339540},
 publisher = {ACM},
 address = {New York, NY, USA},
 keywords = {diffusion of innovations, external influence, information cascades, information diffusion, social networks, twitter},
}



@inproceedings{Zou:2002:CRW:586110.586130,
 author = {Zou, Cliff Changchun and Gong, Weibo and Towsley, Don},
 title = {Code Red Worm Propagation Modeling and Analysis},
 booktitle = {Proceedings of the 9th ACM Conference on Computer and Communications Security},
 series = {CCS '02},
 year = {2002},
 isbn = {1-58113-612-9},
 location = {Washington, DC, USA},
 pages = {138--147},
 numpages = {10},
 url = {http://doi.acm.org/10.1145/586110.586130},
 doi = {10.1145/586110.586130},
 acmid = {586130},
 publisher = {ACM},
 address = {New York, NY, USA},
 keywords = {epidemic model, internet worm modeling, two-factor worm model},
}

@article{DBLP:journals/socnet/WangRPL16,
  author    = {Peng Wang and
               Garry Robins and
               Philippa Pattison and
               Emmanuel Lazega},
  title     = {Social selection models for multilevel networks},
  journal   = {Social Networks},
  volume    = {44},
  pages     = {346--362},
  year      = {2016},
  url       = {https://doi.org/10.1016/j.socnet.2014.12.003},
  doi       = {10.1016/j.socnet.2014.12.003},
  timestamp = {Thu, 18 May 2017 09:54:52 +0200},
  biburl    = {http://dblp.uni-trier.de/rec/bib/journals/socnet/WangRPL16},
  bibsource = {dblp computer science bibliography, http://dblp.org}
}

@article{Gubanov,
author={Губанов, ДА and Новиков, ДА and Чхартишвили, АГ},
title={Модели информационного влияния и информационного управления в социальных сетях},
journal={Проблемы управления},
year={2009},
pages={28-35},
volume={5},
}

@article{doi:10.1177/0002716215569197,
author = {H. Andrew Schwartz and Lyle H. Ungar},
title = {Data-Driven Content Analysis of Social Media},
journal = {The ANNALS of the American Academy of Political and Social Science},
volume = {659},
number = {1},
pages = {78-94},
year = {2015},
doi = {10.1177/0002716215569197},

URL = {
        http://dx.doi.org/10.1177/0002716215569197

},
eprint = {
        http://dx.doi.org/10.1177/0002716215569197

}
,
    abstract = { Researchers have long measured people’s thoughts, feelings, and personalities using carefully designed survey questions, which are often given to a relatively small number of volunteers. The proliferation of social media, such as Twitter and Facebook, offers alternative measurement approaches: automatic content coding at unprecedented scales and the statistical power to do open-vocabulary exploratory analysis. We describe a range of automatic and partially automatic content analysis techniques and illustrate how their use on social media generates insights into subjective well-being, health, gender differences, and personality. }
}


@ARTICLE{6774492,
author={M. Doo and L. Liu},
journal={IEEE Transactions on Services Computing},
title={Probabilistic Diffusion of Social Influence with Incentives},
year={2014},
volume={7},
number={3},
pages={387-400},
keywords={probability;social networking (online);social sciences computing;IT feature;heat diffusion model;incentives;information diffusion;social computing;social connectivity dynamics;social influence probabilistic diffusion;social media;social network analysis;system defined diffusion threshold;Computational modeling;Heat transfer;Heating;Probabilistic logic;Social network services;Stochastic processes;Technological innovation;Social Influence;diffusion of information;heat diffusion model;probabilistic model;rewards and incentives},
doi={10.1109/TSC.2014.2310216},
ISSN={1939-1374},
month={July},}


@misc{Demograp76:online,
author = {},
title = {Demographics of Social Media Users in 2016 | Pew Research Center},
howpublished = {\url{http://www.pewinternet.org/2016/11/11/social-media-update-2016/}},
month = {},
year = {},
note = {(Accessed on 05/23/2017)}
}

@techreport{ilprints422,
          number = {1999-66},
           month = {November},
          author = {Lawrence Page and Sergey Brin and Rajeev Motwani and Terry Winograd},
            note = {Previous number = SIDL-WP-1999-0120},
           title = {The PageRank Citation Ranking: Bringing Order to the Web.},
            type = {Technical Report},
       publisher = {Stanford InfoLab},
            year = {1999},
     institution = {Stanford InfoLab},
             url = {http://ilpubs.stanford.edu:8090/422/},
        abstract = {The importance of a Web page is an inherently subjective matter, which depends on the readers interests, knowledge and attitudes. But there is still much that can be said objectively about the relative importance of Web pages. This paper describes PageRank, a mathod for rating Web pages objectively and mechanically, effectively measuring the human interest and attention devoted to them. We compare PageRank to an idealized random Web surfer. We show how to efficiently compute PageRank for large numbers of pages. And, we show how to apply PageRank to search and to user navigation.}
}


@misc{1channel,
author = {},
title = {Первый канал},
howpublished = {\url{https://vk.com/1tv}},
month = {},
year = {},
note = {(Accessed on 04/10/2017)}
}

@misc{MyStem,
author = {},
title = {MyStem — Технологии Яндекса},
howpublished = {\url{https://tech.yandex.ru/mystem/}},
month = {},
year = {},
note = {(Accessed on 01/02/2017)}
}



@misc{graphtool,
author = {},
title = {graph-tool: Efficent network analysis with python},
howpublished = {\url{https://graph-tool.skewed.de/}},
month = {},
year = {},
note = {(Accessed on 03/15/2017)}
}
